@article{nutten2015atopic,
  title={Atopic dermatitis: global epidemiology and risk factors},
  author={Nutten, Sophie},
  journal={Annals of Nutrition and Metabolism},
  volume={66},
  number={Suppl. 1},
  pages={8--16},
  year={2015},
  publisher={Karger Publishers}
}

@article{peng2015pathogenesis,
  title={Pathogenesis of atopic dermatitis},
  author={Peng, W and Novak, N},
  journal={Clinical \& Experimental Allergy},
  volume={45},
  number={3},
  pages={566--574},
  year={2015},
  publisher={Wiley Online Library}
}

@article{guttman2017atopic,
  title={Atopic dermatitis: pathogenesis},
  author={Guttman-Yassky, Emma and Waldman, Andrea and Ahluwalia, Jusleen and Ong, Peck Y and Eichenfield, Lawrence F},
  journal={Semin Cutan Med Surg},
  volume={36},
  number={3},
  pages={100--103},
  year={2017},
  publisher={Semin Cutan Med Surg}
}

@article{bin2016genetic,
  title={Genetic and epigenetic studies of atopic dermatitis},
  author={Bin, Lianghua and Leung, Donald YM},
  journal={Allergy, Asthma \& Clinical Immunology},
  volume={12},
  number={1},
  pages={52},
  year={2016},
  publisher={Springer}
}